% ART already published

@misc{Lurk-paper,
      author = {Nada Amin and John Burnham and François Garillot and Rosario Gennaro and Chhi'mèd Künzang and Daniel Rogozin and Cameron Wong},
      title = {LURK: Lambda, the Ultimate Recursive Knowledge},
      howpublished = {Cryptology ePrint Archive, Paper 2023/369},
      year = {2023},
      note = {\url{https://eprint.iacr.org/2023/369}},
      url = {https://eprint.iacr.org/2023/369}
}

@misc{Lurk-spec,
      author = {Lurk},
      title = {Lurk Spec},
      howpublished = {},
      year = {2022},
      note = {},
      url = {https://blog.lurk-lang.org/posts/circuit-spec/}
}

@misc{Lurk-intro,
      author = {Lurk},
      title = {A Programmer's Introduction to Lurk},
      howpublished = {},
      year = {2022},
      note = {},
      url = {https://blog.lurk-lang.org/posts/prog-intro/}
}

@misc{Nova,
      author = {Abhiram Kothapalli and Srinath Setty and Ioanna Tzialla},
      title = {Nova: Recursive Zero-Knowledge Arguments from Folding Schemes},
      howpublished = {Cryptology ePrint Archive, Paper 2021/370},
      year = {2021},
      note = {\url{https://eprint.iacr.org/2021/370}},
      url = {https://eprint.iacr.org/2021/370}
}



@article{juvix-to-vampir,
  title        = {{Juvix to VampIR Pipeline}},
  author       = {Lukasz Czajka},
  year         = 2023,
  month        = aug,
  journal      = {{Anoma Research Topics}},
  publisher    = {Zenodo},
  doi          = {10.5281/zenodo.8246535},
  url          = {https://doi.org/10.5281/zenodo.8246535},
  note         = {{This document is based on Juvix v0.4.1, Geb v0.4.0, and VampIR v0.1.3.}},
  version      = {August 21, 2023}
}
@article{geb-pipeline,
  title        = {{Geb Pipeline}},
  author       = {Artem Gureev and Jonathan Prieto-Cubides},
  year         = 2023,
  month        = aug,
  journal      = {{Anoma Research Topics}},
  publisher    = {Zenodo},
  doi          = {10.5281/zenodo.8262815},
  url          = {https://doi.org/10.5281/zenodo.8262815},
  version      = {August 21, 2023}
}

